@article{bader2007efficient,
  title={Efficient MATLAB computations with sparse and factored tensors},
  author={Bader, Brett W and Kolda, Tamara G},
  journal={SIAM Journal on Scientific Computing},
  volume={30},
  number={1},
  pages={205--231},
  year={2007},
  publisher={SIAM}
}