@article{kolda07,
  title={Efficient MATLAB computations with sparse and factored tensors},
  author={Bader, Brett W and Kolda, Tamara G},
  journal={SIAM Journal on Scientific Computing},
  volume={30},
  number={1},
  pages={205--231},
  year={2007},
  publisher={SIAM}
}

@inproceedings{dblp07,
  title={Social network extraction of academic researchers},
  author={Tang, Jie and Zhang, Duo and Yao, Limin},
  booktitle={Data Mining, 2007. ICDM 2007. Seventh IEEE International Conference on},
  pages={292--301},
  year={2007},
  organization={IEEE}
}

@inproceedings{lamport94,
  title={Music recommendation by unified hypergraph: combining social media information and music content},
  author={Bu, Jiajun and Tan, Shulong and Chen, Chun and Wang, Can and Wu, Hao and Zhang, Lijun and He, Xiaofei},
  booktitle={Proceedings of the international conference on Multimedia},
  pages={391--400},
  year={2010},
  organization={ACM}
}

@book{Berge72,
  title={Hypergraph seminar: Ohio state university, 1972},
  author={Berge, Claude and Ray-Chaudhuri, Dijen},
  volume={411},
  year={1974},
  publisher={Springer}
}

@book{Vitaly09,
  title={Introduction to graph and hypergraph theory},
  author={Volo{\v{s}}in, Vitaly Ivanovi{\v{c}}},
  year={2009},
  publisher={Nova Science Publishers}
}

@article{kolda11,
  title={Temporal link prediction using matrix and tensor factorizations},
  author={Dunlavy, Daniel M and Kolda, Tamara G and Acar, Evrim},
  journal={ACM Transactions on Knowledge Discovery from Data (TKDD)},
  volume={5},
  number={2},
  pages={10},
  year={2011},
  publisher={ACM}
}

@article{kolda09,
  title={Tensor decompositions and applications},
  author={Kolda, Tamara G and Bader, Brett W},
  journal={SIAM review},
  volume={51},
  number={3},
  pages={455--500},
  year={2009},
  publisher={SIAM}
}

@article{kolda07,
  title={Efficient MATLAB computations with sparse and factored tensors},
  author={Bader, Brett W and Kolda, Tamara G},
  journal={SIAM Journal on Scientific Computing},
  volume={30},
  number={1},
  pages={205--231},
  year={2007},
  publisher={SIAM}
}

@inproceedings{sun08,
  title={Hypergraph spectral learning for multi-label classification},
  author={Sun, Liang and Ji, Shuiwang and Ye, Jieping},
  booktitle={Proceedings of the 14th ACM SIGKDD international conference on Knowledge discovery and data mining},
  pages={668--676},
  year={2008},
  organization={ACM}
}

@inproceedings{Zhou07,
  title={Learning with hypergraphs: Clustering, classification, and embedding},
  author={Zhou, Dengyong and Huang, Jiayuan and Sch{\"o}lkopf, Bernhard},
  booktitle={Advances in Neural Information Processing Systems},
  pages={1601--1608},
  year={2006}
}

@article{koldaopt11,
  title={A scalable optimization approach for fitting canonical tensor decompositions},
  author={Acar, Evrim and Dunlavy, Daniel M and Kolda, Tamara G},
  journal={Journal of Chemometrics},
  volume={25},
  number={2},
  pages={67--86},
  year={2011},
  publisher={Wiley Online Library}
}

@article{barbasi2004,
  title={The topological relationship between the large-scale attributes and local interaction patterns of complex networks},
  author={Vazquez, A and Dobrin, R and Sergi, D and Eckmann, J-P and Oltvai, ZN and Barab{\'a}si, A-L},
  journal={Proceedings of the National Academy of Sciences},
  volume={101},
  number={52},
  pages={17940--17945},
  year={2004},
  publisher={National Acad Sciences}
}

@article{taramasco2010academic,
  title={Academic team formation as evolving hypergraphs},
  author={Taramasco, Carla and Cointet, Jean-Philippe and Roth, Camille},
  journal={Scientometrics},
  volume={85},
  number={3},
  pages={721--740},
  year={2010},
  publisher={Springer}
}

@book{Coleman90,
  title={Foundations of social theory},
  author={Coleman, James S and Coleman, James Samuel},
  year={1994},
  publisher={Harvard University Press}
}

@article{coleman1988social,
  title={Social capital in the creation of human capital},
  author={Coleman, James S},
  journal={American journal of sociology},
  pages={S95--S120},
  year={1988},
  publisher={JSTOR}
}

@article{burt1992social,
  title={The social structure of competition},
  author={Burt, Ronald S},
  journal={Networks and organizations: Structure, form, and action},
  pages={57--91},
  year={1992},
  publisher={Harvard Business School Press Boston, MA}
}

@article{katz1997research,
  title={What is research collaboration?},
  author={Katz, J Sylvan and Martin, Ben R},
  journal={Research policy},
  volume={26},
  number={1},
  pages={1--18},
  year={1997},
  publisher={Elsevier}
}

@article{crane1969social,
  title={Social structure in a group of scientists: A test of the" invisible college" hypothesis},
  author={Crane, Diana},
  journal={American Sociological Review},
  pages={335--352},
  year={1969},
  publisher={JSTOR}
}

@inproceedings{backstrom2006group,
  title={Group formation in large social networks: membership, growth, and evolution},
  author={Backstrom, Lars and Huttenlocher, Dan and Kleinberg, Jon and Lan, Xiangyang},
  booktitle={Proceedings of the 12th ACM SIGKDD international conference on Knowledge discovery and data mining},
  pages={44--54},
  year={2006},
  organization={ACM}
}

@article{newman2001structure,
  title={The structure of scientific collaboration networks},
  author={Newman, Mark EJ},
  journal={Proceedings of the National Academy of Sciences},
  volume={98},
  number={2},
  pages={404--409},
  year={2001},
  publisher={National Acad Sciences}
}

@inproceedings{diesner2005exploration,
  title={Exploration of communication networks from the Enron email corpus},
  author={Diesner, Jana and Carley, Kathleen M},
  booktitle={SIAM International Conference on Data Mining: Workshop on Link Analysis, Counterterrorism and Security, Newport Beach, CA},
  year={2005},
  organization={Citeseer}
}

@article{moody2004structure,
  title={The structure of a social science collaboration network: Disciplinary cohesion from 1963 to 1999},
  author={Moody, James},
  journal={American sociological review},
  volume={69},
  number={2},
  pages={213--238},
  year={2004},
  publisher={Sage Publications}
}

@article{barabasi2002evolution,
  title={Evolution of the social network of scientific collaborations},
  author={Barab{\^a}si, Albert-Laszlo and Jeong, Hawoong and N{\'e}da, Zoltan and Ravasz, Erzsebet and Schubert, Andras and Vicsek, Tamas},
  journal={Physica A: Statistical Mechanics and its Applications},
  volume={311},
  number={3},
  pages={590--614},
  year={2002},
  publisher={Elsevier}
}

@article{ghoshal2009random,
  title={Random hypergraphs and their applications},
  author={Ghoshal, Gourab and Zlati{\'c}, Vinko and Caldarelli, Guido and Newman, MEJ},
  journal={Physical Review E},
  volume={79},
  number={6},
  pages={066118},
  year={2009},
  publisher={APS}
}

@article{guimera2005team,
  title={Team assembly mechanisms determine collaboration network structure and team performance},
  author={Guimer{\`a}, Roger and Uzzi, Brian and Spiro, Jarrett and Amaral, Luis A Nunes},
  journal={Science},
  volume={308},
  number={5722},
  pages={697--702},
  year={2005},
  publisher={American Association for the Advancement of Science}
}

@article{VÃ¡zquez28122004,
  title={The topological relationship between the large-scale attributes and local interaction patterns of complex networks},
  author={Vazquez, A and Dobrin, R and Sergi, D and Eckmann, J-P and Oltvai, ZN and Barab{\'a}si, A-L},
  journal={Proceedings of the National Academy of Sciences},
  volume={101},
  number={52},
  pages={17940--17945},
  year={2004},
  publisher={National Acad Sciences}
}

@article{shim2011analyzing,
  title={Analyzing Human Behavior from Multiplayer Online Game Logs: A Knowledge Discovery Approach},
  author={Shim, Kyong Jin and Pathak, Nishith and Ahmad, Muhammad Aurangzeb and DeLong, Colin and Borbora, Zoheb and Mahapatra, Amogh and Srivastava, Jaideep},
  journal={IEEE Intelligent Systems},
  volume={26},
  number={1},
  pages={85--89},
  year={2011}
}

@article{lazer2009life,
  title={Life in the network: the coming age of computational social science},
  author={Lazer, David and Pentland, Alex Sandy and Adamic, Lada and Aral, Sinan and Barabasi, Albert Laszlo and Brewer, Devon and Christakis, Nicholas and Contractor, Noshir and Fowler, James and Gutmann, Myron and others},
  journal={Science (New York, NY)},
  volume={323},
  number={5915},
  pages={721},
  year={2009},
  publisher={NIH Public Access}
}

@article{putnam1996bona,
  title={Bona fide groups},
  author={Putnam, LL and Stohl, Cynthia},
  journal={Communication and group decision making},
  pages={147--178},
  year={1996}
}

@article{faust1997centrality,
  title={Centrality in affiliation networks},
  author={Faust, Katherine},
  journal={Social networks},
  volume={19},
  number={2},
  pages={157--191},
  year={1997},
  publisher={Elsevier}
}

@inproceedings{dhruv2013,
  title={Weighted node degree centrality for hypergraphs},
  author={Kapoor, Komal and Sharma, Dhruv and Srivastava, Jaideep},
  booktitle={Network Science Workshop (NSW), 2013 IEEE 2nd},
  pages={152--155},
  year={2013},
  organization={IEEE}
}

@article{estrada2005complex,
  title={Complex networks as hypergraphs},
  author={Estrada, Ernesto and Rodriguez-Velazquez, Juan A},
  journal={arXiv preprint physics/0505137},
  year={2005}
}

@book{berge1973graphs,
  title={Graphs and hypergraphs},
  author={Berge, Claude and Minieka, Edward},
  volume={7},
  year={1973},
  publisher={North-Holland publishing company Amsterdam}
}

@article{tian2009hypergraph,
  title={A hypergraph-based learning algorithm for classifying gene expression and arrayCGH data with prior knowledge},
  author={Tian, Ze and Hwang, TaeHyun and Kuang, Rui},
  journal={Bioinformatics},
  volume={25},
  number={21},
  pages={2831--2838},
  year={2009},
  publisher={Oxford Univ Press}
}

@article{pearson2012spectral,
  title={On spectral hypergraph theory of the adjacency tensor},
  author={Pearson, Kelly J and Zhang, Tan},
  journal={arXiv preprint arXiv:1209.5614},
  year={2012}
}

@article{xie2013h,
  title={H-Eigenvalues of signless Laplacian tensor for an even uniform hypergraph},
  author={Xie, Jinshan and Chang, An},
  journal={Frontiers of Mathematics in China},
  volume={8},
  number={1},
  pages={107--127},
  year={2013},
  publisher={Springer}
}

@article{fagin1983degrees,
  title={Degrees of acyclicity for hypergraphs and relational database schemes},
  author={Fagin, Ronald},
  journal={Journal of the ACM (JACM)},
  volume={30},
  number={3},
  pages={514--550},
  year={1983},
  publisher={ACM}
}

@article{han1998hypergraph,
  title={Hypergraph based clustering in high-dimensional data sets: A summary of results},
  author={Han, Eui-Hong and Karypis, George and Kumar, Vipin and Mobasher, Bamshad},
  journal={IEEE Data Eng. Bull.},
  volume={21},
  number={1},
  pages={15--22},
  year={1998}
}

@article{klamt2009hypergraphs,
  title={Hypergraphs and cellular networks},
  author={Klamt, Steffen and Haus, Utz-Uwe and Theis, Fabian},
  journal={PLoS computational biology},
  volume={5},
  number={5},
  pages={e1000385},
  year={2009},
  publisher={Public Library of Science}
}

@article{golub1970singular,
  title={Singular value decomposition and least squares solutions},
  author={Golub, Gene H and Reinsch, Christian},
  journal={Numerische Mathematik},
  volume={14},
  number={5},
  pages={403--420},
  year={1970},
  publisher={Springer}
}

@inproceedings{agarwal2008,
  title={Higher order learning with graphs},
  author={Agarwal, Sameer and Branson, Kristin and Belongie, Serge},
  booktitle={Proceedings of the 23rd international conference on Machine learning},
  pages={17--24},
  year={2006},
  organization={ACM}
}

@inproceedings{latent2013,
  title={Hyperlink Prediction in Hypernetworks Using Latent Social Features},
  author={Xu, Ye and Rockmore, Dan and Kleinbaum, Adam M},
  booktitle={Discovery Science},
  pages={324--339},
  year={2013},
  organization={Springer}
}

@book{berge1984hypergraphs,
  title={Hypergraphs: combinatorics of finite sets},
  author={Berge, Claude},
  volume={45},
  year={1984},
  publisher={Elsevier}
}

@INPROCEEDINGS{RDF,
    author = {Jonathan Hayes and Claudio Gutierrez},
    title = {Bipartite Graphs as Intermediate Model for RDF},
    booktitle = {In Proc. of the 3th Int. Semantic Web Conference (ISWC), number 3298 in LNCS},
    year = {2004},
    pages = {47--61},
    publisher = {Springer-Verlag}
}

@inproceedings{clusteringdhillon,
  title={Co-clustering documents and words using bipartite spectral graph partitioning},
  author={Dhillon, Inderjit S},
  booktitle={Proceedings of the seventh ACM SIGKDD international conference on Knowledge discovery and data mining},
  pages={269--274},
  year={2001},
  organization={ACM}
}

@inproceedings{clustering2,
  title={Bipartite graph partitioning and data clustering},
  author={Zha, Hongyuan and He, Xiaofeng and Ding, Chris and Simon, Horst and Gu, Ming},
  booktitle={Proceedings of the tenth international conference on Information and knowledge management},
  pages={25--32},
  year={2001},
  organization={ACM}
}

@article{clustering3,
  title={Cycles and clustering in bipartite networks},
  author={Lind, Pedro G and Gonzalez, Marta C and Herrmann, Hans J},
  journal={Physical review E},
  volume={72},
  number={5},
  pages={056127},
  year={2005},
  publisher={APS}
}













